<?xml version="1.0" encoding="UTF-8"?><record xmlns="http://www.loc.gov/MARC21/slim" xmlns:cinclude="http://apache.org/cocoon/include/1.0" xmlns:zs="http://www.loc.gov/zing/srw/">
  <leader>00322cz  a2200121n  4500</leader>
  <controlfield tag="001">n 2002012865</controlfield>
  <controlfield tag="003">DLC</controlfield>
  <controlfield tag="005">20020603134629.0</controlfield>
  <controlfield tag="008">020603n| acannaabn          |n aaa      </controlfield>
  <datafield tag="010" ind1=" " ind2=" ">
    <subfield code="a">n 2002012865</subfield>
  </datafield>
  <datafield tag="040" ind1=" " ind2=" ">
    <subfield code="a">DLC</subfield>
    <subfield code="b">eng</subfield>
    <subfield code="c">DLC</subfield>
  </datafield>
  <datafield tag="100" ind1="1" ind2=" ">
    <subfield code="a">Kanage휍혖, Ludmila</subfield>
  </datafield>
  <datafield tag="670" ind1=" " ind2=" ">
    <subfield code="a">Maestros sevillanos del barroco, 2001:</subfield>
    <subfield code="b">t.p. (Ludmila Kanage휍혖)</subfield>
  </datafield>
</record>